@misc{decl2016,
        author  = {@rinse\_},
        title   = {コンストラクタが暗黙に宣言されるとき、されないとき},
        note    = {\url{https://qiita.com/rinse_/items/1ac008fe3aea7c0887fc}},
        year    = {2016}
}
